<?xml version="1.0" encoding="UTF-8"?>
<!DOCTYPE html PUBLIC "-//W3C//DTD XHTML 1.0 Transitional//EN"
    "http://www.w3.org/TR/xhtml1/DTD/xhtml1-transitional.dtd">
<html xmlns="http://www.w3.org/1999/xhtml" xml:lang="en" lang="en">
 <head>
  <title>
</title>
<meta http-equiv="Content-Type" content="text/html;charset=utf-8" />
  <meta name='ocr-system' content='tesseract 3.04.00' />
  <meta name='ocr-capabilities' content='ocr_page ocr_carea ocr_par ocr_line ocrx_word'/>
</head>
<body>
  <div class='ocr_page' id='page_1' title='image "./medicophysicalw00mayogoog_0359.png"; bbox 0 0 2588 4132; ppageno 0'>
   <div class='ocr_carea' id='block_1_1' title="bbox 532 347 1104 426">
    <p class='ocr_par' dir='ltr' id='par_1_1' title="bbox 532 347 1104 426">
     <span class='ocr_line' id='line_1_1' title="bbox 532 347 1104 426; baseline 0 -18"><span class='ocrx_word' id='word_1_1' title='bbox 532 347 581 409; x_wconf 89' lang='lat' dir='ltr'><em>Ou</em></span> <span class='ocrx_word' id='word_1_2' title='bbox 603 348 732 409; x_wconf 86' lang='lat' dir='ltr'><em>Riokets</em></span> <span class='ocrx_word' id='word_1_3' title='bbox 1046 367 1104 426; x_wconf 81' lang='lat'><em>323</em></span> 
     </span>
    </p>
   </div>
   <div class='ocr_carea' id='block_1_2' title="bbox 146 611 1107 1099">
    <p class='ocr_par' dir='ltr' id='par_1_2' title="bbox 146 611 1107 1099">
     <span class='ocr_line' id='line_1_2' title="bbox 148 611 1107 683; baseline 0.001 -16"><span class='ocrx_word' id='word_1_4' title='bbox 148 615 195 667; x_wconf 85' lang='lat' dir='ltr'><em>cia</em></span> <span class='ocrx_word' id='word_1_5' title='bbox 208 613 307 683; x_wconf 88' lang='lat' dir='ltr'><em>partis</em></span> <span class='ocrx_word' id='word_1_6' title='bbox 326 615 466 680; x_wconf 84' lang='lat' dir='ltr'><em>consump.</em></span> <span class='ocrx_word' id='word_1_7' title='bbox 488 611 559 664; x_wconf 82' lang='lat' dir='ltr'><em>adde</em></span> <span class='ocrx_word' id='word_1_8' title='bbox 579 611 646 664; x_wconf 85' lang='lat' dir='ltr'><em>vini</em></span> <span class='ocrx_word' id='word_1_9' title='bbox 661 611 714 665; x_wconf 88' lang='lat' dir='ltr'><em>alb.</em></span> <span class='ocrx_word' id='word_1_10' title='bbox 734 611 784 665; x_wconf 81' lang='lat' dir='ltr'><em>vel</em></span> <span class='ocrx_word' id='word_1_11' title='bbox 799 612 933 664; x_wconf 77' lang='lat' dir='ltr'><em>Rhenani</em></span> <span class='ocrx_word' id='word_1_12' title='bbox 948 612 993 667; x_wconf 86' lang='lat' dir='ltr'><em>lib.</em></span> <span class='ocrx_word' id='word_1_13' title='bbox 1012 631 1047 667; x_wconf 91' lang='lat' dir='ltr'><em>ss.</em></span> <span class='ocrx_word' id='word_1_14' title='bbox 1070 614 1107 668; x_wconf 56' lang='grc' dir='ltr'><em>ὃ*</em></span> 
     </span>
     <span class='ocr_line' id='line_1_3' title="bbox 146 685 1106 765; baseline -0.002 -14"><span class='ocrx_word' id='word_1_15' title='bbox 146 698 244 751; x_wconf 91' lang='lat' dir='ltr'><em>statim</em></span> <span class='ocrx_word' id='word_1_16' title='bbox 261 696 370 751; x_wconf 86' lang='lat' dir='ltr'><em>coletur</em></span> <span class='ocrx_word' id='word_1_17' title='bbox 383 685 415 749; x_wconf 87' lang='lat' dir='ltr'><em>in</em></span> <span class='ocrx_word' id='word_1_18' title='bbox 433 713 486 749; x_wconf 87' lang='lat' dir='ltr'><em>uos</em></span> <span class='ocrx_word' id='word_1_19' title='bbox 503 695 641 763; x_wconf 87' lang='lat' dir='ltr'><em>idoneum,</em></span> <span class='ocrx_word' id='word_1_20' title='bbox 659 696 709 750; x_wconf 90' lang='lat' dir='ltr'><em>eui</em></span> <span class='ocrx_word' id='word_1_21' title='bbox 724 696 916 765; x_wconf 70' lang='lat' dir='ltr'><em>imponantur,</em></span> <span class='ocrx_word' id='word_1_22' title='bbox 933 696 994 751; x_wconf 91' lang='lat' dir='ltr'><em>Fol.</em></span> <span class='ocrx_word' id='word_1_23' title='bbox 1008 698 1106 751; x_wconf 88' lang='lat' dir='ltr'><em>Becco-</em></span> 
     </span>
     <span class='ocr_line' id='line_1_4' title="bbox 147 779 1104 852; baseline 0.002 -19"><span class='ocrx_word' id='word_1_24' title='bbox 147 780 229 850; x_wconf 81' lang='lat' dir='ltr'><em>bung.</em></span> <span class='ocrx_word' id='word_1_25' title='bbox 266 781 396 834; x_wconf 89' lang='lat' dir='ltr'><em>Nasturt.</em></span> <span class='ocrx_word' id='word_1_26' title='bbox 410 780 534 835; x_wconf 84' lang='lat' dir='ltr'><em>summit.</em></span> <span class='ocrx_word' id='word_1_27' title='bbox 571 779 682 833; x_wconf 84' lang='lat' dir='ltr'><em>Abietis</em></span> <span class='ocrx_word' id='word_1_28' title='bbox 696 796 754 832; x_wconf 89' lang='lat' dir='ltr'><em>ana</em></span> <span class='ocrx_word' id='word_1_29' title='bbox 765 797 801 834; x_wconf 89' lang='lat' dir='ltr'><em>m.</em></span> <span class='ocrx_word' id='word_1_30' title='bbox 814 797 849 834; x_wconf 87' lang='lat' dir='ltr'><em>ss.</em></span> <span class='ocrx_word' id='word_1_31' title='bbox 886 782 1000 836; x_wconf 88' lang='lat' dir='ltr'><em>Boccar.</em></span> <span class='ocrx_word' id='word_1_32' title='bbox 1007 781 1104 852; x_wconf 88' lang='lat' dir='ltr'><em>junip.</em></span> 
     </span>
     <span class='ocr_line' id='line_1_5' title="bbox 147 863 1105 934; baseline 0.004 -17"><span class='ocrx_word' id='word_1_33' title='bbox 147 863 198 933; x_wconf 64' lang='lat' dir='ltr'><em>{ss</em></span> <span class='ocrx_word' id='word_1_34' title='bbox 236 865 268 918; x_wconf 91' lang='lat' dir='ltr'><em>F.</em></span> <span class='ocrx_word' id='word_1_35' title='bbox 292 864 398 934; x_wconf 82' lang='lat' dir='ltr'><em>infusio</em></span> <span class='ocrx_word' id='word_1_36' title='bbox 416 863 517 932; x_wconf 74' lang='lat' dir='ltr'><em>tepula,</em></span> <span class='ocrx_word' id='word_1_37' title='bbox 541 863 578 916; x_wconf 64' lang='grc' dir='ltr'><em>θ’</em></span> <span class='ocrx_word' id='word_1_38' title='bbox 600 863 697 917; x_wconf 88' lang='lat' dir='ltr'><em>clauso</em></span> <span class='ocrx_word' id='word_1_39' title='bbox 714 867 772 933; x_wconf 85' lang='lat' dir='ltr'><em>per</em></span> <span class='ocrx_word' id='word_1_40' title='bbox 787 864 872 918; x_wconf 80' lang='lat' dir='ltr'><em>loros</em></span> <span class='ocrx_word' id='word_1_41' title='bbox 894 867 1006 920; x_wconf 80' lang='lat' dir='ltr'><em>circiter</em></span> <span class='ocrx_word' id='word_1_42' title='bbox 1027 866 1105 921; x_wconf 85' lang='lat' dir='ltr'><em>duas.</em></span> 
     </span>
     <span class='ocr_line' id='line_1_6' title="bbox 149 945 1105 1018; baseline 0.004 -18"><span class='ocrx_word' id='word_1_43' title='bbox 149 947 284 1001; x_wconf 85' lang='lat' dir='ltr'><em>Colotura</em></span> <span class='ocrx_word' id='word_1_44' title='bbox 300 952 432 1000; x_wconf 78' lang='lat' dir='ltr'><em>seruetur</em></span> <span class='ocrx_word' id='word_1_45' title='bbox 448 947 535 1000; x_wconf 81' lang='lat' dir='ltr'><em>vitris</em></span> <span class='ocrx_word' id='word_1_46' title='bbox 551 945 674 1014; x_wconf 88' lang='lat' dir='ltr'><em>occlusis,</em></span> <span class='ocrx_word' id='word_1_47' title='bbox 693 947 731 1000; x_wconf 65' lang='grc' dir='ltr'><em>δ’</em></span> <span class='ocrx_word' id='word_1_48' title='bbox 748 947 927 1002; x_wconf 81' lang='lat' dir='ltr'><em>edulcoretur</em></span> <span class='ocrx_word' id='word_1_49' title='bbox 936 952 993 1018; x_wconf 93' lang='lat' dir='ltr'><em>pro</em></span> <span class='ocrx_word' id='word_1_50' title='bbox 1014 948 1105 1004; x_wconf 83' lang='lat' dir='ltr'><em>libitu.</em></span> 
     </span>
     <span class='ocr_line' id='line_1_7' title="bbox 147 1029 630 1099; baseline 0.002 -16"><span class='ocrx_word' id='word_1_51' title='bbox 147 1031 213 1085; x_wconf 88' lang='lat' dir='ltr'><em>Dos.</em></span> <span class='ocrx_word' id='word_1_52' title='bbox 227 1029 275 1098; x_wconf 66' lang='lat' dir='ltr'><em>{ip</em></span> <span class='ocrx_word' id='word_1_53' title='bbox 289 1029 339 1082; x_wconf 86' lang='lat' dir='ltr'><em>uel</em></span> <span class='ocrx_word' id='word_1_54' title='bbox 348 1029 407 1099; x_wconf 60' lang='lat' dir='ltr'><em>giij.</em></span> <span class='ocrx_word' id='word_1_55' title='bbox 421 1029 500 1083; x_wconf 78' lang='lat' dir='ltr'><em>horis</em></span> <span class='ocrx_word' id='word_1_56' title='bbox 511 1029 630 1084; x_wconf 86' lang='lat' dir='ltr'><em>medicis.</em></span> 
     </span>
    </p>
   </div>
   <div class='ocr_carea' id='block_1_3' title="bbox 139 1125 1108 2196">
    <p class='ocr_par' dir='ltr' id='par_1_3' title="bbox 139 1125 1108 2196">
     <span class='ocr_line' id='line_1_8' title="bbox 182 1125 1104 1196; baseline 0.002 -17"><span class='ocrx_word' id='word_1_57' title='bbox 182 1127 309 1196; x_wconf 52' lang='lat' dir='ltr'><em>RLcssgn.</em></span> <span class='ocrx_word' id='word_1_58' title='bbox 329 1126 479 1180; x_wconf 87' lang='lat' dir='ltr'><em>Lcutiscin.</em></span> <span class='ocrx_word' id='word_1_59' title='bbox 499 1125 659 1179; x_wconf 85' lang='lat' dir='ltr'><em>Rosmom&#39;n.</em></span> <span class='ocrx_word' id='word_1_60' title='bbox 680 1125 740 1178; x_wconf 86' lang='lat' dir='ltr'><em>rad.</em></span> <span class='ocrx_word' id='word_1_61' title='bbox 768 1126 941 1194; x_wconf 87' lang='lat' dir='ltr'><em>Sarsaparil.</em></span> <span class='ocrx_word' id='word_1_62' title='bbox 970 1126 1104 1181; x_wconf 84' lang='lat' dir='ltr'><em>Osmund.</em></span> 
     </span>
     <span class='ocr_line' id='line_1_9' title="bbox 146 1207 1104 1279; baseline 0.003 -18"><span class='ocrx_word' id='word_1_63' title='bbox 146 1209 231 1279; x_wconf 78' lang='lat' dir='ltr'><em>regal.</em></span> <span class='ocrx_word' id='word_1_64' title='bbox 248 1208 298 1263; x_wconf 84' lang='lat' dir='ltr'><em>vel</em></span> <span class='ocrx_word' id='word_1_65' title='bbox 313 1208 394 1263; x_wconf 82' lang='lat' dir='ltr'><em>Filio.</em></span> <span class='ocrx_word' id='word_1_66' title='bbox 415 1225 486 1264; x_wconf 87' lang='lat' dir='ltr'><em>mar.</em></span> <span class='ocrx_word' id='word_1_67' title='bbox 505 1207 639 1276; x_wconf 77' lang='lat' dir='ltr'><em>ana51ij.</em></span> <span class='ocrx_word' id='word_1_68' title='bbox 660 1207 1020 1278; x_wconf 84' lang='lat' dir='ltr'><em>Herb.Agrz&#39;mon.Cape&#39;l.</em></span> <span class='ocrx_word' id='word_1_69' title='bbox 1042 1210 1104 1264; x_wconf 80' lang='lat' dir='ltr'><em>Ven.</em></span> 
     </span>
     <span class='ocr_line' id='line_1_10' title="bbox 154 1290 1104 1362; baseline -0.001 -16"><span class='ocrx_word' id='word_1_70' title='bbox 154 1293 272 1346; x_wconf 80' lang='lat' dir='ltr'><em>Veranio.</em></span> <span class='ocrx_word' id='word_1_71' title='bbox 291 1293 375 1362; x_wconf 81' lang='lat' dir='ltr'><em>Ling.</em></span> <span class='ocrx_word' id='word_1_72' title='bbox 397 1293 509 1346; x_wconf 83' lang='lat' dir='ltr'><em>Coruin.</em></span> <span class='ocrx_word' id='word_1_73' title='bbox 530 1291 610 1345; x_wconf 85' lang='lat' dir='ltr'><em>Salv.</em></span> <span class='ocrx_word' id='word_1_74' title='bbox 631 1290 728 1344; x_wconf 82' lang='lat' dir='ltr'><em>Baton.</em></span> <span class='ocrx_word' id='word_1_75' title='bbox 747 1307 811 1344; x_wconf 89' lang='lat' dir='ltr'><em>ano.</em></span> <span class='ocrx_word' id='word_1_76' title='bbox 832 1308 868 1345; x_wconf 91' lang='lat' dir='ltr'><em>m.</em></span> <span class='ocrx_word' id='word_1_77' title='bbox 894 1291 925 1360; x_wconf 84' lang='lat' dir='ltr'><em>ij.</em></span> <span class='ocrx_word' id='word_1_78' title='bbox 950 1294 1104 1346; x_wconf 91' lang='lat' dir='ltr'><em>summitat.</em></span> 
     </span>
     <span class='ocr_line' id='line_1_11' title="bbox 146 1374 1107 1444; baseline -0.003 -13"><span class='ocrx_word' id='word_1_79' title='bbox 146 1377 262 1444; x_wconf 84' lang='lat' dir='ltr'><em>Abietis,</em></span> <span class='ocrx_word' id='word_1_80' title='bbox 287 1377 440 1430; x_wconf 88' lang='lat' dir='ltr'><em>Tamarisc.</em></span> <span class='ocrx_word' id='word_1_81' title='bbox 463 1392 526 1432; x_wconf 89' lang='lat' dir='ltr'><em>ona.</em></span> <span class='ocrx_word' id='word_1_82' title='bbox 550 1392 585 1429; x_wconf 88' lang='lat' dir='ltr'><em>m.</em></span> <span class='ocrx_word' id='word_1_83' title='bbox 601 1374 627 1443; x_wconf 88' lang='lat' dir='ltr'><em>j.</em></span> <span class='ocrx_word' id='word_1_84' title='bbox 652 1379 811 1442; x_wconf 86' lang='lat' dir='ltr'><em>coquantur</em></span> <span class='ocrx_word' id='word_1_85' title='bbox 834 1375 866 1427; x_wconf 88' lang='lat' dir='ltr'><em>in</em></span> <span class='ocrx_word' id='word_1_86' title='bbox 889 1376 1029 1428; x_wconf 73' lang='lat' dir='ltr'><em>cerevisia</em></span> <span class='ocrx_word' id='word_1_87' title='bbox 1050 1392 1107 1431; x_wconf 91' lang='lat' dir='ltr'><em>non</em></span> 
     </span>
     <span class='ocr_line' id='line_1_12' title="bbox 145 1458 1105 1530; baseline 0 -18"><span class='ocrx_word' id='word_1_88' title='bbox 145 1460 283 1530; x_wconf 82' lang='lat' dir='ltr'><em>lupulata</em></span> <span class='ocrx_word' id='word_1_89' title='bbox 300 1477 375 1529; x_wconf 81' lang='lat' dir='ltr'><em>cong.</em></span> <span class='ocrx_word' id='word_1_90' title='bbox 395 1459 449 1527; x_wconf 87' lang='lat' dir='ltr'><em>iiij.</em></span> <span class='ocrx_word' id='word_1_91' title='bbox 469 1459 511 1511; x_wconf 89' lang='lat' dir='ltr'><em>ad</em></span> <span class='ocrx_word' id='word_1_92' title='bbox 525 1459 612 1511; x_wconf 88' lang='lat' dir='ltr'><em>unius</em></span> <span class='ocrx_word' id='word_1_93' title='bbox 628 1458 874 1527; x_wconf 70' lang='lat' dir='ltr'><em>consumptionem,</em></span> <span class='ocrx_word' id='word_1_94' title='bbox 898 1458 1027 1512; x_wconf 88' lang='lat' dir='ltr'><em>colatura</em></span> <span class='ocrx_word' id='word_1_95' title='bbox 1042 1459 1105 1530; x_wconf 89' lang='lat' dir='ltr'><em>ser-</em></span> 
     </span>
     <span class='ocr_line' id='line_1_13' title="bbox 146 1541 1107 1611; baseline -0.002 -14"><span class='ocrx_word' id='word_1_96' title='bbox 146 1549 291 1611; x_wconf 85' lang='lat' dir='ltr'><em>mentetur,</em></span> <span class='ocrx_word' id='word_1_97' title='bbox 323 1542 360 1595; x_wconf 54' lang='grc' dir='ltr'><em>δ’</em></span> <span class='ocrx_word' id='word_1_98' title='bbox 382 1544 414 1595; x_wconf 89' lang='lat' dir='ltr'><em>in</em></span> <span class='ocrx_word' id='word_1_99' title='bbox 438 1541 573 1596; x_wconf 84' lang='lat' dir='ltr'><em>doliolum</em></span> <span class='ocrx_word' id='word_1_100' title='bbox 597 1544 758 1611; x_wconf 71' lang='lat' dir='ltr'><em>reponatur,</em></span> <span class='ocrx_word' id='word_1_101' title='bbox 783 1541 816 1593; x_wconf 90' lang='lat' dir='ltr'><em>in</em></span> <span class='ocrx_word' id='word_1_102' title='bbox 839 1557 895 1609; x_wconf 81' lang='lat' dir='ltr'><em>quo</em></span> <span class='ocrx_word' id='word_1_103' title='bbox 917 1542 1107 1610; x_wconf 85' lang='lat' dir='ltr'><em>suspendatur</em></span> 
     </span>
     <span class='ocr_line' id='line_1_14' title="bbox 144 1623 1103 1696; baseline -0.002 -16"><span class='ocrx_word' id='word_1_104' title='bbox 144 1626 271 1680; x_wconf 88' lang='lat' dir='ltr'><em>sacculus</em></span> <span class='ocrx_word' id='word_1_105' title='bbox 287 1643 325 1679; x_wconf 82' lang='lat' dir='ltr'><em>eu</em></span> <span class='ocrx_word' id='word_1_106' title='bbox 340 1624 397 1678; x_wconf 78' lang='lat' dir='ltr'><em>celet</em></span> <span class='ocrx_word' id='word_1_107' title='bbox 416 1624 485 1677; x_wconf 82' lang='lat' dir='ltr'><em>rortl</em></span> <span class='ocrx_word' id='word_1_108' title='bbox 502 1623 647 1696; x_wconf 82' lang='lat' dir='ltr'><em>consectus,</em></span> <span class='ocrx_word' id='word_1_109' title='bbox 664 1623 701 1676; x_wconf 62' lang='grc' dir='ltr'><em>θ’</em></span> <span class='ocrx_word' id='word_1_110' title='bbox 718 1623 894 1692; x_wconf 84' lang='lat' dir='ltr'><em>sequentibus</em></span> <span class='ocrx_word' id='word_1_111' title='bbox 905 1624 1035 1692; x_wconf 86' lang='lat' dir='ltr'><em>repletus,</em></span> <span class='ocrx_word' id='word_1_112' title='bbox 1048 1627 1103 1680; x_wconf 82' lang='lat' dir='ltr'><em>ve&#39;e.</em></span> 
     </span>
     <span class='ocr_line' id='line_1_15' title="bbox 144 1706 1104 1780; baseline 0 -17"><span class='ocrx_word' id='word_1_113' title='bbox 144 1708 289 1780; x_wconf 85' lang='lat' dir='ltr'><em>Milleped.</em></span> <span class='ocrx_word' id='word_1_114' title='bbox 303 1710 334 1762; x_wconf 89' lang='lat' dir='ltr'><em>in</em></span> <span class='ocrx_word' id='word_1_115' title='bbox 346 1710 414 1762; x_wconf 83' lang='lat' dir='ltr'><em>vino</em></span> <span class='ocrx_word' id='word_1_116' title='bbox 425 1708 478 1763; x_wconf 84' lang='lat' dir='ltr'><em>alb.</em></span> <span class='ocrx_word' id='word_1_117' title='bbox 489 1708 569 1763; x_wconf 88' lang='lat' dir='ltr'><em>lotor.</em></span> <span class='ocrx_word' id='word_1_118' title='bbox 580 1708 617 1760; x_wconf 72' lang='lat'><em>&amp;⁴</em></span> <span class='ocrx_word' id='word_1_119' title='bbox 626 1706 730 1760; x_wconf 84' lang='lat' dir='ltr'><em>leviter</em></span> <span class='ocrx_word' id='word_1_120' title='bbox 736 1712 839 1761; x_wconf 89' lang='lat' dir='ltr'><em>contus.</em></span> <span class='ocrx_word' id='word_1_121' title='bbox 851 1724 877 1760; x_wconf 89' lang='lat' dir='ltr'><em>n.</em></span> <span class='ocrx_word' id='word_1_122' title='bbox 893 1722 952 1762; x_wconf 90' lang='lat'>200.</span> <span class='ocrx_word' id='word_1_123' title='bbox 989 1709 1104 1763; x_wconf 90' lang='lat' dir='ltr'><em>Baccar.</em></span> 
     </span>
     <span class='ocr_line' id='line_1_16' title="bbox 139 1789 1107 1862; baseline 0.001 -17"><span class='ocrx_word' id='word_1_124' title='bbox 139 1793 240 1862; x_wconf 87' lang='lat' dir='ltr'><em>Junip.</em></span> <span class='ocrx_word' id='word_1_125' title='bbox 252 1791 299 1860; x_wconf 57' lang='lat' dir='ltr'><em>gij.</em></span> <span class='ocrx_word' id='word_1_126' title='bbox 330 1793 403 1845; x_wconf 89' lang='lat' dir='ltr'><em>Nuc.</em></span> <span class='ocrx_word' id='word_1_127' title='bbox 415 1792 530 1860; x_wconf 87' lang='lat' dir='ltr'><em>Myrist.</em></span> <span class='ocrx_word' id='word_1_128' title='bbox 541 1791 618 1844; x_wconf 85' lang='lat' dir='ltr'><em>ineis.</em></span> <span class='ocrx_word' id='word_1_129' title='bbox 629 1807 656 1844; x_wconf 90' lang='lat' dir='ltr'><em>n.</em></span> <span class='ocrx_word' id='word_1_130' title='bbox 668 1790 698 1859; x_wconf 89' lang='lat' dir='ltr'><em>ij.</em></span> <span class='ocrx_word' id='word_1_131' title='bbox 710 1789 769 1842; x_wconf 76' lang='lat' dir='ltr'><em>unct</em></span> <span class='ocrx_word' id='word_1_132' title='bbox 778 1807 841 1844; x_wconf 91' lang='lat' dir='ltr'><em>cum</em></span> <span class='ocrx_word' id='word_1_133' title='bbox 842 1790 975 1862; x_wconf 77' lang='lat' dir='ltr'><em>frustula</em></span> <span class='ocrx_word' id='word_1_134' title='bbox 983 1791 1107 1861; x_wconf 64' lang='lat' dir='ltr'><em>chah‘bis</em></span> 
     </span>
     <span class='ocr_line' id='line_1_17' title="bbox 144 1873 1108 1944; baseline -0.001 -16"><span class='ocrx_word' id='word_1_135' title='bbox 144 1875 185 1928; x_wconf 86' lang='lat' dir='ltr'><em>ad</em></span> <span class='ocrx_word' id='word_1_136' title='bbox 198 1874 341 1928; x_wconf 89' lang='lat' dir='ltr'><em>sacculum</em></span> <span class='ocrx_word' id='word_1_137' title='bbox 363 1873 604 1944; x_wconf 80' lang='lat' dir='ltr'><em>submergendum.</em></span> <span class='ocrx_word' id='word_1_138' title='bbox 643 1873 681 1926; x_wconf 88' lang='lat' dir='ltr'><em>Si</em></span> <span class='ocrx_word' id='word_1_139' title='bbox 698 1873 822 1927; x_wconf 88' lang='lat' dir='ltr'><em>scorbuti</em></span> <span class='ocrx_word' id='word_1_140' title='bbox 839 1875 961 1942; x_wconf 87' lang='lat' dir='ltr'><em>suspicio</em></span> <span class='ocrx_word' id='word_1_141' title='bbox 977 1876 1022 1942; x_wconf 91' lang='lat' dir='ltr'><em>sit,</em></span> <span class='ocrx_word' id='word_1_142' title='bbox 1041 1877 1108 1929; x_wconf 86' lang='lat' dir='ltr'><em>vasi</em></span> 
     </span>
     <span class='ocr_line' id='line_1_18' title="bbox 144 1956 1103 2028; baseline 0.002 -18"><span class='ocrx_word' id='word_1_143' title='bbox 144 1959 262 2028; x_wconf 87' lang='lat' dir='ltr'><em>insuper</em></span> <span class='ocrx_word' id='word_1_144' title='bbox 282 1959 392 2028; x_wconf 90' lang='lat' dir='ltr'><em>imponi</em></span> <span class='ocrx_word' id='word_1_145' title='bbox 407 1961 536 2027; x_wconf 87' lang='lat' dir='ltr'><em>possunt,</em></span> <span class='ocrx_word' id='word_1_146' title='bbox 561 1956 621 2011; x_wconf 89' lang='lat' dir='ltr'><em>Fol.</em></span> <span class='ocrx_word' id='word_1_147' title='bbox 646 1956 816 2026; x_wconf 79' lang='lat' dir='ltr'><em>Beccabung.</em></span> <span class='ocrx_word' id='word_1_148' title='bbox 845 1958 977 2011; x_wconf 89' lang='lat' dir='ltr'><em>Nasturt.</em></span> <span class='ocrx_word' id='word_1_149' title='bbox 1009 1965 1103 2027; x_wconf 84' lang='lat' dir='ltr'><em>aquat.</em></span> 
     </span>
     <span class='ocr_line' id='line_1_19' title="bbox 144 2039 1108 2110; baseline 0 -15"><span class='ocrx_word' id='word_1_150' title='bbox 144 2060 200 2095; x_wconf 89' lang='lat' dir='ltr'><em>ana</em></span> <span class='ocrx_word' id='word_1_151' title='bbox 215 2060 250 2095; x_wconf 94' lang='lat' dir='ltr'><em>m.</em></span> <span class='ocrx_word' id='word_1_152' title='bbox 270 2041 300 2110; x_wconf 89' lang='lat' dir='ltr'><em>ij.</em></span> <span class='ocrx_word' id='word_1_153' title='bbox 321 2047 456 2095; x_wconf 85' lang='lat' dir='ltr'><em>moneant</em></span> <span class='ocrx_word' id='word_1_154' title='bbox 465 2045 521 2110; x_wconf 87' lang='lat' dir='ltr'><em>per</em></span> <span class='ocrx_word' id='word_1_155' title='bbox 537 2041 709 2109; x_wconf 79' lang='lat' dir='ltr'><em>septimanas</em></span> <span class='ocrx_word' id='word_1_156' title='bbox 718 2040 833 2094; x_wconf 89' lang='lat' dir='ltr'><em>circiter</em></span> <span class='ocrx_word' id='word_1_157' title='bbox 842 2039 920 2107; x_wconf 84' lang='lat' dir='ltr'><em>duas,</em></span> <span class='ocrx_word' id='word_1_158' title='bbox 934 2041 1000 2094; x_wconf 87' lang='lat' dir='ltr'><em>dein</em></span> <span class='ocrx_word' id='word_1_159' title='bbox 1011 2041 1108 2110; x_wconf 84' lang='lat' dir='ltr'><em>liquor</em></span> 
     </span>
     <span class='ocr_line' id='line_1_20' title="bbox 143 2125 583 2196; baseline 0.002 -19"><span class='ocrx_word' id='word_1_160' title='bbox 143 2131 277 2178; x_wconf 87' lang='lat' dir='ltr'><em>sumatur</em></span> <span class='ocrx_word' id='word_1_161' title='bbox 282 2129 338 2196; x_wconf 93' lang='lat' dir='ltr'><em>pro</em></span> <span class='ocrx_word' id='word_1_162' title='bbox 348 2129 418 2194; x_wconf 89' lang='lat' dir='ltr'><em>potu</em></span> <span class='ocrx_word' id='word_1_163' title='bbox 428 2125 583 2178; x_wconf 80' lang='lat' dir='ltr'><em>ordinario.</em></span> 
     </span>
    </p>
   </div>
   <div class='ocr_carea' id='block_1_4' title="bbox 143 2230 1119 2715">
    <p class='ocr_par' dir='ltr' id='par_1_4' title="bbox 143 2230 1119 2715">
     <span class='ocr_line' id='line_1_21' title="bbox 180 2230 1103 2299; baseline 0 -13"><span class='ocrx_word' id='word_1_164' title='bbox 180 2232 354 2296; x_wconf 69' lang='lat' dir='ltr'><em>RConserv.</em></span> <span class='ocrx_word' id='word_1_165' title='bbox 380 2233 440 2286; x_wconf 89' lang='lat' dir='ltr'><em>rad.</em></span> <span class='ocrx_word' id='word_1_166' title='bbox 468 2232 574 2299; x_wconf 87' lang='lat' dir='ltr'><em>Cicleor,</em></span> <span class='ocrx_word' id='word_1_167' title='bbox 598 2231 672 2285; x_wconf 91' lang='lat' dir='ltr'><em>Flor</em></span> <span class='ocrx_word' id='word_1_168' title='bbox 692 2232 789 2287; x_wconf 86' lang='lat' dir='ltr'><em>Beton.</em></span> <span class='ocrx_word' id='word_1_169' title='bbox 809 2248 867 2283; x_wconf 90' lang='lat' dir='ltr'><em>ana</em></span> <span class='ocrx_word' id='word_1_170' title='bbox 885 2230 902 2299; x_wconf 62' lang='grc' dir='ltr'><em>ᾗ</em></span> <span class='ocrx_word' id='word_1_171' title='bbox 902 2231 928 2298; x_wconf 88' lang='lat' dir='ltr'><em>j.</em></span> <span class='ocrx_word' id='word_1_172' title='bbox 974 2233 1103 2288; x_wconf 79' lang='lat' dir='ltr'><em>Comaru.</em></span> 
     </span>
     <span class='ocr_line' id='line_1_22' title="bbox 144 2312 1102 2384; baseline 0.006 -20"><span class='ocrx_word' id='word_1_173' title='bbox 144 2312 262 2380; x_wconf 72' lang='lat' dir='ltr'><em>Antias,</em></span> <span class='ocrx_word' id='word_1_174' title='bbox 275 2314 352 2368; x_wconf 87' lang='lat' dir='ltr'><em>Flor.</em></span> <span class='ocrx_word' id='word_1_175' title='bbox 370 2316 397 2367; x_wconf 91' lang='lat' dir='ltr'><em>T</em></span> <span class='ocrx_word' id='word_1_176' title='bbox 394 2316 522 2368; x_wconf 73' lang='lat' dir='ltr'><em>amor-isc.</em></span> <span class='ocrx_word' id='word_1_177' title='bbox 536 2314 653 2368; x_wconf 83' lang='lat' dir='ltr'><em>Flaved.</em></span> <span class='ocrx_word' id='word_1_178' title='bbox 667 2314 777 2367; x_wconf 90' lang='lat' dir='ltr'><em>Limon.</em></span> <span class='ocrx_word' id='word_1_179' title='bbox 797 2332 854 2367; x_wconf 91' lang='lat' dir='ltr'><em>ana</em></span> <span class='ocrx_word' id='word_1_180' title='bbox 872 2313 923 2383; x_wconf 64' lang='lat' dir='ltr'><em>{ss</em></span> <span class='ocrx_word' id='word_1_181' title='bbox 962 2317 1102 2384; x_wconf 84' lang='lat' dir='ltr'><em>Myrobal.</em></span> 
     </span>
     <span class='ocr_line' id='line_1_23' title="bbox 143 2395 1103 2467; baseline 0.006 -20"><span class='ocrx_word' id='word_1_182' title='bbox 143 2395 242 2448; x_wconf 86' lang='lat' dir='ltr'><em>condit.</em></span> <span class='ocrx_word' id='word_1_183' title='bbox 263 2413 290 2448; x_wconf 88' lang='lat' dir='ltr'><em>u.</em></span> <span class='ocrx_word' id='word_1_184' title='bbox 313 2396 343 2464; x_wconf 91' lang='lat' dir='ltr'><em>ij.</em></span> <span class='ocrx_word' id='word_1_185' title='bbox 366 2396 453 2450; x_wconf 85' lang='lat' dir='ltr'><em>Pulv.</em></span> <span class='ocrx_word' id='word_1_186' title='bbox 472 2396 487 2449; x_wconf 78' lang='lat' dir='ltr'><em>i</em></span> <span class='ocrx_word' id='word_1_187' title='bbox 506 2396 600 2450; x_wconf 81' lang='lat' dir='ltr'><em>Cloelis</em></span> <span class='ocrx_word' id='word_1_188' title='bbox 621 2397 751 2453; x_wconf 89' lang='lat' dir='ltr'><em>Cancror.</em></span> <span class='ocrx_word' id='word_1_189' title='bbox 774 2400 889 2465; x_wconf 89' lang='lat' dir='ltr'><em>compos.</em></span> <span class='ocrx_word' id='word_1_190' title='bbox 912 2398 956 2467; x_wconf 78' lang='lat' dir='ltr'><em>5j.</em></span> <span class='ocrx_word' id='word_1_191' title='bbox 982 2400 1103 2454; x_wconf 85' lang='lat' dir='ltr'><em>Cremor.</em></span> 
     </span>
     <span class='ocr_line' id='line_1_24' title="bbox 147 2479 1104 2549; baseline 0.004 -19"><span class='ocrx_word' id='word_1_192' title='bbox 147 2480 272 2545; x_wconf 87' lang='lat' dir='ltr'><em>Tartari,</em></span> <span class='ocrx_word' id='word_1_193' title='bbox 285 2479 362 2533; x_wconf 90' lang='lat' dir='ltr'><em>Flor.</em></span> <span class='ocrx_word' id='word_1_194' title='bbox 375 2479 435 2533; x_wconf 88' lang='lat' dir='ltr'><em>Sal.</em></span> <span class='ocrx_word' id='word_1_195' title='bbox 446 2480 678 2533; x_wconf 64' lang='lat' dir='ltr'><em>Annonariam</em></span> <span class='ocrx_word' id='word_1_196' title='bbox 685 2481 737 2542; x_wconf 54' lang='lat' dir='ltr'><em>gss.</em></span> <span class='ocrx_word' id='word_1_197' title='bbox 748 2479 857 2532; x_wconf 84' lang='lat' dir='ltr'><em>santali</em></span> <span class='ocrx_word' id='word_1_198' title='bbox 866 2480 966 2533; x_wconf 89' lang='lat' dir='ltr'><em>Citrin.</em></span> <span class='ocrx_word' id='word_1_199' title='bbox 980 2481 1027 2549; x_wconf 76' lang='lat' dir='ltr'><em>3j.</em></span> <span class='ocrx_word' id='word_1_200' title='bbox 1041 2497 1104 2534; x_wconf 90' lang='lat' dir='ltr'><em>cum</em></span> 
     </span>
     <span class='ocr_line' id='line_1_25' title="bbox 143 2561 1119 2630; baseline 0.002 -16"><span class='ocrx_word' id='word_1_201' title='bbox 143 2564 236 2630; x_wconf 87' lang='lat' dir='ltr'><em>syrup.</em></span> <span class='ocrx_word' id='word_1_202' title='bbox 251 2561 284 2614; x_wconf 86' lang='lat' dir='ltr'><em>dc</em></span> <span class='ocrx_word' id='word_1_203' title='bbox 298 2562 389 2615; x_wconf 89' lang='lat' dir='ltr'><em>Coral.</em></span> <span class='ocrx_word' id='word_1_204' title='bbox 402 2578 423 2616; x_wconf 88' lang='lat' dir='ltr'><em>s.</em></span> <span class='ocrx_word' id='word_1_205' title='bbox 437 2578 462 2629; x_wconf 83' lang='lat' dir='ltr'><em>q.</em></span> <span class='ocrx_word' id='word_1_206' title='bbox 467 2562 495 2630; x_wconf 83' lang='lat' dir='ltr'><em>s.</em></span> <span class='ocrx_word' id='word_1_207' title='bbox 509 2562 597 2615; x_wconf 89' lang='lat' dir='ltr'><em>Elect.</em></span> <span class='ocrx_word' id='word_1_208' title='bbox 610 2561 706 2630; x_wconf 76' lang='lat' dir='ltr'><em>capiat</em></span> <span class='ocrx_word' id='word_1_209' title='bbox 715 2577 760 2629; x_wconf 87' lang='lat' dir='ltr'><em>qu.</em></span> <span class='ocrx_word' id='word_1_210' title='bbox 781 2577 841 2614; x_wconf 91' lang='lat' dir='ltr'><em>nuc.</em></span> <span class='ocrx_word' id='word_1_211' title='bbox 859 2561 995 2615; x_wconf 79' lang='lat' dir='ltr'><em>Mosclot.</em></span> <span class='ocrx_word' id='word_1_212' title='bbox 1015 2579 1119 2629; x_wconf 73' lang='lat' dir='ltr'><em>mane,</em></span> 
     </span>
     <span class='ocr_line' id='line_1_26' title="bbox 143 2643 1105 2715; baseline 0.002 -18"><span class='ocrx_word' id='word_1_213' title='bbox 143 2644 181 2697; x_wconf 56' lang='grc' dir='ltr'><em>δ’</em></span> <span class='ocrx_word' id='word_1_214' title='bbox 195 2643 265 2697; x_wconf 79' lang='lat' dir='ltr'><em>leorel</em></span> <span class='ocrx_word' id='word_1_215' title='bbox 277 2643 378 2712; x_wconf 78' lang='lat' dir='ltr'><em>quinti</em></span> <span class='ocrx_word' id='word_1_216' title='bbox 389 2648 466 2715; x_wconf 85' lang='lat' dir='ltr'><em>pom.</em></span> <span class='ocrx_word' id='word_1_217' title='bbox 486 2643 682 2713; x_wconf 84' lang='lat' dir='ltr'><em>superbibenclo</em></span> <span class='ocrx_word' id='word_1_218' title='bbox 700 2643 819 2711; x_wconf 81' lang='lat' dir='ltr'><em>liquoris</em></span> <span class='ocrx_word' id='word_1_219' title='bbox 832 2645 1013 2712; x_wconf 88' lang='lat' dir='ltr'><em>approprioti</em></span> <span class='ocrx_word' id='word_1_220' title='bbox 1022 2645 1105 2699; x_wconf 73' lang='lat' dir='ltr'><em>liaus-</em></span> 
     </span>
    </p>
   </div>
   <div class='ocr_carea' id='block_1_5' title="bbox 144 2727 244 2782">
    <p class='ocr_par' dir='ltr' id='par_1_5' title="bbox 144 2727 244 2782">
     <span class='ocr_line' id='line_1_27' title="bbox 144 2727 244 2782; baseline 0.02 -3"><span class='ocrx_word' id='word_1_221' title='bbox 144 2727 244 2782; x_wconf 87' lang='lat' dir='ltr'><em>tulum.</em></span> 
     </span>
    </p>
   </div>
   <div class='ocr_carea' id='block_1_6' title="bbox 139 2833 1102 3071">
    <p class='ocr_par' dir='ltr' id='par_1_6' title="bbox 139 2833 1102 3071">
     <span class='ocr_line' id='line_1_28' title="bbox 179 2833 1102 2906; baseline 0.001 -17"><span class='ocrx_word' id='word_1_222' title='bbox 179 2839 204 2902; x_wconf 62' lang='lat' dir='ltr'><em>lp</em></span> <span class='ocrx_word' id='word_1_223' title='bbox 222 2837 308 2891; x_wconf 86' lang='lat' dir='ltr'><em>Pulu.</em></span> <span class='ocrx_word' id='word_1_224' title='bbox 322 2836 467 2906; x_wconf 75' lang='lat' dir='ltr'><em>Millepecl</em></span> <span class='ocrx_word' id='word_1_225' title='bbox 475 2839 600 2905; x_wconf 79' lang='lat' dir='ltr'><em>propor.</em></span> <span class='ocrx_word' id='word_1_226' title='bbox 613 2833 661 2902; x_wconf 66' lang='lat' dir='ltr'><em>gij.</em></span> <span class='ocrx_word' id='word_1_227' title='bbox 675 2835 748 2887; x_wconf 89' lang='lat' dir='ltr'><em>Nuc.</em></span> <span class='ocrx_word' id='word_1_228' title='bbox 764 2834 879 2904; x_wconf 87' lang='lat' dir='ltr'><em>Myrist.</em></span> <span class='ocrx_word' id='word_1_229' title='bbox 900 2837 951 2898; x_wconf 64' lang='lat' dir='ltr'><em>35s.</em></span> <span class='ocrx_word' id='word_1_230' title='bbox 964 2836 1031 2903; x_wconf 79' lang='lat' dir='ltr'><em>flor.</em></span> <span class='ocrx_word' id='word_1_231' title='bbox 1051 2837 1102 2890; x_wconf 89' lang='lat' dir='ltr'><em>sal.</em></span> 
     </span>
     <span class='ocr_line' id='line_1_29' title="bbox 143 2916 1102 2992; baseline 0 -19"><span class='ocrx_word' id='word_1_232' title='bbox 143 2920 313 2973; x_wconf 84' lang='lat' dir='ltr'><em>Armonioci</em></span> <span class='ocrx_word' id='word_1_233' title='bbox 328 2919 379 2989; x_wconf 73' lang='lat' dir='ltr'><em>3ij.</em></span> <span class='ocrx_word' id='word_1_234' title='bbox 385 2920 413 2992; x_wconf 86' lang='lat' dir='ltr'><em>s.</em></span> <span class='ocrx_word' id='word_1_235' title='bbox 427 2918 538 2973; x_wconf 84' lang='lat' dir='ltr'><em>Puluz&#39;s.</em></span> <span class='ocrx_word' id='word_1_236' title='bbox 569 2919 636 2972; x_wconf 90' lang='lat' dir='ltr'><em>Dos.</em></span> <span class='ocrx_word' id='word_1_237' title='bbox 645 2934 692 2986; x_wconf 82' lang='lat' dir='ltr'><em>gr.</em></span> <span class='ocrx_word' id='word_1_238' title='bbox 703 2916 766 2985; x_wconf 83' lang='lat' dir='ltr'><em>vie&#39;J&#39;.</em></span> <span class='ocrx_word' id='word_1_239' title='bbox 776 2917 870 2971; x_wconf 82' lang='lat' dir='ltr'><em>adxu.</em></span> <span class='ocrx_word' id='word_1_240' title='bbox 882 2919 915 2971; x_wconf 90' lang='lat' dir='ltr'><em>in</em></span> <span class='ocrx_word' id='word_1_241' title='bbox 924 2919 1102 2988; x_wconf 81' lang='lat' dir='ltr'><em>Apoeemate,</em></span> 
     </span>
     <span class='ocr_line' id='line_1_30' title="bbox 139 2999 761 3071; baseline -0.005 -14"><span class='ocrx_word' id='word_1_242' title='bbox 139 3003 267 3071; x_wconf 90' lang='lat' dir='ltr'><em>Jusculo,</em></span> <span class='ocrx_word' id='word_1_243' title='bbox 280 3008 334 3057; x_wconf 90' lang='lat' dir='ltr'><em>aut</em></span> <span class='ocrx_word' id='word_1_244' title='bbox 343 3002 452 3071; x_wconf 82' lang='lat' dir='ltr'><em>liquore</em></span> <span class='ocrx_word' id='word_1_245' title='bbox 463 3001 565 3070; x_wconf 85' lang='lat' dir='ltr'><em>quovis</em></span> <span class='ocrx_word' id='word_1_246' title='bbox 576 2999 761 3060; x_wconf 81' lang='lat' dir='ltr'><em>convenienti.</em></span> 
     </span>
    </p>
   </div>
   <div class='ocr_carea' id='block_1_7' title="bbox 141 3095 1107 3251">
    <p class='ocr_par' dir='ltr' id='par_1_7' title="bbox 141 3095 1107 3251">
     <span class='ocr_line' id='line_1_31' title="bbox 178 3095 1107 3168; baseline 0 -17"><span class='ocrx_word' id='word_1_247' title='bbox 178 3098 285 3151; x_wconf 84' lang='lat' dir='ltr'><em>Pulvis</em></span> <span class='ocrx_word' id='word_1_248' title='bbox 302 3099 354 3152; x_wconf 84' lang='lat' dir='ltr'><em>iste</em></span> <span class='ocrx_word' id='word_1_249' title='bbox 371 3115 435 3152; x_wconf 89' lang='lat' dir='ltr'><em>cum</em></span> <span class='ocrx_word' id='word_1_250' title='bbox 452 3096 586 3150; x_wconf 89' lang='lat' dir='ltr'><em>Balsami</em></span> <span class='ocrx_word' id='word_1_251' title='bbox 603 3097 701 3165; x_wconf 82' lang='lat' dir='ltr'><em>Capio.</em></span> <span class='ocrx_word' id='word_1_252' title='bbox 721 3111 746 3163; x_wconf 85' lang='lat' dir='ltr'><em>q.</em></span> <span class='ocrx_word' id='word_1_253' title='bbox 766 3112 787 3148; x_wconf 88' lang='lat' dir='ltr'><em>s.</em></span> <span class='ocrx_word' id='word_1_254' title='bbox 807 3095 839 3147; x_wconf 87' lang='lat' dir='ltr'><em>in</em></span> <span class='ocrx_word' id='word_1_255' title='bbox 857 3112 925 3149; x_wconf 92' lang='lat' dir='ltr'><em>mos.</em></span> <span class='ocrx_word' id='word_1_256' title='bbox 941 3096 998 3150; x_wconf 85' lang='lat' dir='ltr'><em>Pil.</em></span> <span class='ocrx_word' id='word_1_257' title='bbox 1013 3097 1107 3168; x_wconf 54' lang='lat' dir='ltr'><em>redigi</em></span> 
     </span>
     <span class='ocr_line' id='line_1_32' title="bbox 141 3179 1058 3251; baseline 0.002 -17"><span class='ocrx_word' id='word_1_258' title='bbox 141 3185 237 3249; x_wconf 87' lang='lat' dir='ltr'><em>potest,</em></span> <span class='ocrx_word' id='word_1_259' title='bbox 250 3198 312 3249; x_wconf 82' lang='lat' dir='ltr'><em>qua</em></span> <span class='ocrx_word' id='word_1_260' title='bbox 323 3182 356 3235; x_wconf 90' lang='lat' dir='ltr'><em>in</em></span> <span class='ocrx_word' id='word_1_261' title='bbox 364 3181 474 3251; x_wconf 85' lang='lat' dir='ltr'><em>pilulas</em></span> <span class='ocrx_word' id='word_1_262' title='bbox 485 3181 604 3249; x_wconf 55' lang='lat' dir='ltr'><em>exiguas</em></span> <span class='ocrx_word' id='word_1_263' title='bbox 606 3179 761 3250; x_wconf 78' lang='lat' dir='ltr'><em>formetur.</em></span> <span class='ocrx_word' id='word_1_264' title='bbox 800 3179 866 3232; x_wconf 89' lang='lat' dir='ltr'><em>Dos.</em></span> <span class='ocrx_word' id='word_1_265' title='bbox 879 3179 992 3233; x_wconf 86' lang='lat' dir='ltr'><em>circiter</em></span> <span class='ocrx_word' id='word_1_266' title='bbox 1003 3192 1058 3250; x_wconf 72' lang='lat' dir='ltr'><em>9ss.</em></span> 
     </span>
    </p>
   </div>
   <div class='ocr_carea' id='block_1_8' title="bbox 140 3273 1108 3761">
    <p class='ocr_par' dir='ltr' id='par_1_8' title="bbox 140 3273 1108 3761">
     <span class='ocr_line' id='line_1_33' title="bbox 178 3273 1102 3345; baseline 0.003 -17"><span class='ocrx_word' id='word_1_267' title='bbox 178 3276 293 3340; x_wconf 69' lang='lat' dir='ltr'><em>BcRod.</em></span> <span class='ocrx_word' id='word_1_268' title='bbox 317 3276 451 3330; x_wconf 83' lang='lat' dir='ltr'><em>Osmund.</em></span> <span class='ocrx_word' id='word_1_269' title='bbox 471 3275 557 3345; x_wconf 85' lang='lat' dir='ltr'><em>regal.</em></span> <span class='ocrx_word' id='word_1_270' title='bbox 580 3274 630 3328; x_wconf 85' lang='lat' dir='ltr'><em>vel</em></span> <span class='ocrx_word' id='word_1_271' title='bbox 647 3273 729 3327; x_wconf 85' lang='lat' dir='ltr'><em>Filic.</em></span> <span class='ocrx_word' id='word_1_272' title='bbox 750 3290 819 3326; x_wconf 91' lang='lat' dir='ltr'><em>mar.</em></span> <span class='ocrx_word' id='word_1_273' title='bbox 843 3274 906 3337; x_wconf 63' lang='grc' dir='ltr'><em>ὀίω.</em></span> <span class='ocrx_word' id='word_1_274' title='bbox 928 3275 988 3328; x_wconf 88' lang='lat' dir='ltr'><em>rad.</em></span> <span class='ocrx_word' id='word_1_275' title='bbox 1009 3277 1102 3332; x_wconf 84' lang='lat' dir='ltr'><em>Paon.</em></span> 
     </span>
     <span class='ocr_line' id='line_1_34' title="bbox 144 3357 1103 3430; baseline 0.002 -19"><span class='ocrx_word' id='word_1_276' title='bbox 144 3359 221 3413; x_wconf 89' lang='lat' dir='ltr'><em>Mar.</em></span> <span class='ocrx_word' id='word_1_277' title='bbox 234 3358 278 3427; x_wconf 77' lang='lat' dir='ltr'><em>5j.</em></span> <span class='ocrx_word' id='word_1_278' title='bbox 293 3358 362 3428; x_wconf 58' lang='lat' dir='ltr'><em>liam</em></span> <span class='ocrx_word' id='word_1_279' title='bbox 375 3358 521 3430; x_wconf 86' lang='lat' dir='ltr'><em>sossosros.</em></span> <span class='ocrx_word' id='word_1_280' title='bbox 534 3357 644 3411; x_wconf 88' lang='lat' dir='ltr'><em>santali</em></span> <span class='ocrx_word' id='word_1_281' title='bbox 653 3357 746 3411; x_wconf 88' lang='lat' dir='ltr'><em>citriu.</em></span> <span class='ocrx_word' id='word_1_282' title='bbox 760 3373 824 3410; x_wconf 88' lang='lat' dir='ltr'><em>scm.</em></span> <span class='ocrx_word' id='word_1_283' title='bbox 861 3358 993 3410; x_wconf 89' lang='lat' dir='ltr'><em>Nasturt.</em></span> <span class='ocrx_word' id='word_1_284' title='bbox 1008 3365 1103 3426; x_wconf 85' lang='lat' dir='ltr'><em>aquat.</em></span> 
     </span>
     <span class='ocr_line' id='line_1_35' title="bbox 143 3439 1103 3510; baseline 0.002 -17"><span class='ocrx_word' id='word_1_285' title='bbox 143 3458 200 3495; x_wconf 89' lang='lat' dir='ltr'><em>ona</em></span> <span class='ocrx_word' id='word_1_286' title='bbox 223 3452 243 3510; x_wconf 73' lang='grc'>9</span> <span class='ocrx_word' id='word_1_287' title='bbox 244 3441 270 3510; x_wconf 85' lang='lat' dir='ltr'><em>j.</em></span> <span class='ocrx_word' id='word_1_288' title='bbox 295 3442 453 3509; x_wconf 79' lang='lat' dir='ltr'><em>flavadinis</em></span> <span class='ocrx_word' id='word_1_289' title='bbox 475 3442 600 3494; x_wconf 83' lang='lat' dir='ltr'><em>Aurant.</em></span> <span class='ocrx_word' id='word_1_290' title='bbox 653 3439 761 3507; x_wconf 84' lang='lat' dir='ltr'><em>Condit,</em></span> <span class='ocrx_word' id='word_1_291' title='bbox 783 3439 831 3507; x_wconf 75' lang='lat' dir='ltr'><em>5ij.</em></span> <span class='ocrx_word' id='word_1_292' title='bbox 848 3439 877 3509; x_wconf 83' lang='lat' dir='ltr'><em>f.</em></span> <span class='ocrx_word' id='word_1_293' title='bbox 902 3439 1013 3493; x_wconf 84' lang='lat' dir='ltr'><em>Puluis.</em></span> <span class='ocrx_word' id='word_1_294' title='bbox 1036 3441 1103 3496; x_wconf 89' lang='lat' dir='ltr'><em>Dos.</em></span> 
     </span>
     <span class='ocr_line' id='line_1_36' title="bbox 143 3522 1108 3593; baseline -0.001 -15"><span class='ocrx_word' id='word_1_295' title='bbox 143 3535 198 3592; x_wconf 51' lang='lat' dir='ltr'><em>[ass.</em></span> <span class='ocrx_word' id='word_1_296' title='bbox 221 3523 263 3576; x_wconf 86' lang='lat' dir='ltr'><em>ad</em></span> <span class='ocrx_word' id='word_1_297' title='bbox 282 3524 329 3593; x_wconf 73' lang='lat' dir='ltr'><em>3j.</em></span> <span class='ocrx_word' id='word_1_298' title='bbox 350 3528 385 3578; x_wconf 94' lang='lat' dir='ltr'><em>ut</em></span> <span class='ocrx_word' id='word_1_299' title='bbox 400 3527 497 3593; x_wconf 87' lang='lat' dir='ltr'><em>supro.</em></span> <span class='ocrx_word' id='word_1_300' title='bbox 533 3523 564 3576; x_wconf 94' lang='lat' dir='ltr'><em>E</em></span> <span class='ocrx_word' id='word_1_301' title='bbox 579 3522 700 3592; x_wconf 86' lang='lat' dir='ltr'><em>pulvere</em></span> <span class='ocrx_word' id='word_1_302' title='bbox 712 3523 879 3591; x_wconf 76' lang='lat' dir='ltr'><em>proscripto</em></span> <span class='ocrx_word' id='word_1_303' title='bbox 897 3539 960 3575; x_wconf 88' lang='lat' dir='ltr'><em>cum</em></span> <span class='ocrx_word' id='word_1_304' title='bbox 978 3523 1108 3577; x_wconf 82' lang='lat' dir='ltr'><em>saccleari</em></span> 
     </span>
     <span class='ocr_line' id='line_1_37' title="bbox 140 3605 1108 3676; baseline 0.002 -17"><span class='ocrx_word' id='word_1_305' title='bbox 140 3608 202 3661; x_wconf 83' lang='lat' dir='ltr'><em>albi</em></span> <span class='ocrx_word' id='word_1_306' title='bbox 224 3609 256 3661; x_wconf 89' lang='lat' dir='ltr'><em>iu</em></span> <span class='ocrx_word' id='word_1_307' title='bbox 278 3623 321 3676; x_wconf 81' lang='lat' dir='ltr'><em>aq.</em></span> <span class='ocrx_word' id='word_1_308' title='bbox 374 3608 498 3661; x_wconf 86' lang='lat' dir='ltr'><em>Cerasor.</em></span> <span class='ocrx_word' id='word_1_309' title='bbox 524 3607 598 3676; x_wconf 61' lang='lat' dir='ltr'><em>nior.</em></span> <span class='ocrx_word' id='word_1_310' title='bbox 629 3606 712 3660; x_wconf 90' lang='lat' dir='ltr'><em>solut.</em></span> <span class='ocrx_word' id='word_1_311' title='bbox 743 3605 780 3659; x_wconf 55' lang='grc' dir='ltr'><em>ἓν</em></span> <span class='ocrx_word' id='word_1_312' title='bbox 809 3606 851 3658; x_wconf 88' lang='lat' dir='ltr'><em>ad</em></span> <span class='ocrx_word' id='word_1_313' title='bbox 879 3606 907 3658; x_wconf 90' lang='lat' dir='ltr'><em>T</em></span> <span class='ocrx_word' id='word_1_314' title='bbox 904 3605 1008 3660; x_wconf 81' lang='lat' dir='ltr'><em>abulat,</em></span> <span class='ocrx_word' id='word_1_315' title='bbox 1038 3609 1108 3661; x_wconf 92' lang='lat' dir='ltr'><em>cocti</em></span> 
     </span>
     <span class='ocr_line' id='line_1_38' title="bbox 143 3688 1104 3761; baseline 0.001 -18"><span class='ocrx_word' id='word_1_316' title='bbox 143 3689 279 3761; x_wconf 86' lang='lat' dir='ltr'><em>septuplo,</em></span> <span class='ocrx_word' id='word_1_317' title='bbox 302 3691 417 3744; x_wconf 84' lang='lat' dir='ltr'><em>Tabula</em></span> <span class='ocrx_word' id='word_1_318' title='bbox 427 3691 557 3756; x_wconf 83' lang='lat' dir='ltr'><em>formari</em></span> <span class='ocrx_word' id='word_1_319' title='bbox 567 3692 695 3759; x_wconf 86' lang='lat' dir='ltr'><em>possunt,</em></span> <span class='ocrx_word' id='word_1_320' title='bbox 714 3704 777 3757; x_wconf 85' lang='lat' dir='ltr'><em>qua</em></span> <span class='ocrx_word' id='word_1_321' title='bbox 793 3688 914 3758; x_wconf 83' lang='lat' dir='ltr'><em>singula</em></span> <span class='ocrx_word' id='word_1_322' title='bbox 926 3689 1104 3759; x_wconf 54' lang='lat' dir='ltr'><em>pendantffij.</em></span> 
     </span>
    </p>
   </div>
   <div class='ocr_carea' id='block_1_9' title="bbox 0 0 1298 4132">
    <p class='ocr_par' dir='ltr' id='par_1_9' title="bbox 0 0 1298 4132">
     <span class='ocr_line' id='line_1_39' title="bbox 0 0 1298 4132; baseline 0 2"><span class='ocrx_word' id='word_1_323' title='bbox 0 0 1298 4132; x_wconf 95' lang='lat' dir='ltr'><em> </em></span> 
     </span>
    </p>
   </div>
  </div>
 </body>
</html>
